%% This BibTeX bibliography file was created using BibDesk.
%% https://bibdesk.sourceforge.io/

%% Created for Andrew Peterson at 2023-06-09 23:44:41 +0200 


%% Saved with string encoding Unicode (UTF-8) 



@inproceedings{Rifkin2011TheTI,
	author = {J. Rifkin},
	title = {The third industrial revolution : how lateral power is transforming energy, the economy, and the world},
	year = {2011}}

@article{Xu2018TheFI,
	author = {Min Xu and J. David and SukHi Kim},
	journal = {International Journal of Financial Research},
	pages = {90-95},
	title = {The Fourth Industrial Revolution: Opportunities and Challenges},
	volume = {9},
	year = {2018}}

@article{Lee2018HowTR,
	author = {Minhwa Lee and J. Yun and A. Pyka and Dongkyu Won and F. Kodama and G. Schiuma and H-A Park and Jeonghwan Jeon and Kyungbae Park and Kwangho Jung and M. Yan and S. Lee and Xiaofei Zhao},
	booktitle = {Journal of Open Innovation: Technology, Market and Complexity},
	journal = {Journal of Open Innovation: Technology, Market, and Complexity},
	title = {How to Respond to the Fourth Industrial Revolution, or the Second Information Technology Revolution? Dynamic New Combinations between Technology, Market, and Society through Open Innovation},
	year = {2018}}

@inproceedings{Rifkin2012TheTI,
	author = {Jake G. Rifkin},
	title = {The Third Industrial Revolution : How the Internet , Green Electricity , and 3-D Printing are Ushering in a Sustainable Era of Distributed Capitalism},
	year = {2012}}

@article{Newman2016DedicatedFO,
	author = {S. Newman and R. Gowland},
	booktitle = {International Journal of Osteoarchaeology},
	journal = {International Journal of Osteoarchaeology},
	pages = {217 - 229},
	title = {Dedicated Followers of Fashion? Bioarchaeological Perspectives on SocioEconomic Status, Inequality, and Health in Urban Children from the Industrial Revolution (18th19th C), England},
	volume = {27},
	year = {2016}}

@article{Schilin2020RevolutionaryDF,
	author = {K. Schilin},
	booktitle = {Social Studies of Science},
	journal = {Social Studies of Science},
	pages = {542 - 566},
	title = {Revolutionary dreams: Future essentialism and the sociotechnical imaginary of the fourth industrial revolution in Denmark},
	volume = {50},
	year = {2020}}

@article{Ryckbosch2016EconomicIA,
	author = {Wouter Ryckbosch},
	journal = {European Review of Economic History},
	pages = {1-22},
	title = {Economic inequality and growth before the industrial revolution : the case of the Low Countries (fourteenth to nineteenth centuries)},
	volume = {20},
	year = {2016}}

@article{Faizal2022IntegrateTA,
	author = {Sellywati Mohd Faizal and N. Jaffar and Azleen Shabrina Mohd Nor},
	booktitle = {Cogent Business \\\&amp; Management},
	journal = {Cogent Business \\\& Management},
	title = {Integrate the adoption and readiness of digital technologies amongst accounting professionals towards the fourth industrial revolution},
	volume = {9},
	year = {2022}}

@article{Manda2019RespondingTT,
	author = {More Ickson Manda and S. B. Dhaou},
	booktitle = {International Conference on Theory and Practice of Electronic Governance},
	journal = {Proceedings of the 12th International Conference on Theory and Practice of Electronic Governance},
	title = {Responding to the challenges and opportunities in the 4th Industrial revolution in developing countries},
	year = {2019}}

@article{Ghislieri2018WorkAO,
	author = {Chiara Ghislieri and M. Molino and C. Cortese},
	booktitle = {Frontiers in Psychology},
	journal = {Frontiers in Psychology},
	title = {Work and Organizational Psychology Looks at the Fourth Industrial Revolution: How to Support Workers and Organizations?},
	volume = {9},
	year = {2018}}

@article{Androniceanu2020CanonicalCA,
	author = {Ane-Mari Androniceanu and I. Georgescu and M. Tvaronaviien and Armenia Androniceanu},
	journal = {Sustainability},
	pages = {6812},
	title = {Canonical Correlation Analysis and a New Composite Index on Digitalization and Labor Force in the Context of the Industrial Revolution 4.0},
	volume = {12},
	year = {2020}}

@conference{Kubiov2022ImplementationOE,
	author = {E. Kubiov and L. Grajzova and M. ambl and D. Babanov},
	booktitle = {International Conference on Emerging eLearning Technologies and Applications},
	journal = {2022 20th International Conference on Emerging eLearning Technologies and Applications (ICETA)},
	pages = {352-357},
	title = {Implementation of elements of the Industry 4.0 concept and its impact on employees in line with Human Resource Management in industrial organisations in Slovakia},
	year = {2022}}

@article{Morgan2019WillWW,
	author = {J. Morgan},
	booktitle = {Economy and Society},
	journal = {Economy and Society},
	pages = {371 - 398},
	title = {Will we work in twenty-first century capitalism? A critique of the fourth industrial revolution literature},
	volume = {48},
	year = {2019}}

@article{Chen2019EnvironmentalUE,
	author = {Bin-Bin Chen and Wen Han},
	booktitle = {Behavioral and Brain Sciences},
	journal = {Behavioral and Brain Sciences},
	title = {Environmental unpredictability, economic inequality, and dynamic nature of life history before, during, and after the Industrial Revolution},
	volume = {42},
	year = {2019}}

@article{Lima2021InternalDA,
	author = {Maria da Paz Campos Lima and Diogo Martins and A. C. Costa and A. Velez},
	booktitle = {Transfer: European Review of Labour and Research},
	journal = {Transfer: European Review of Labour and Research},
	pages = {47 - 73},
	title = {Internal devaluation and economic inequality in Portugal: challenges to industrial relations in times of crisis and recovery},
	volume = {27},
	year = {2021}}

@article{Hoeschl2017FourthIR,
	author = {Milena B. Hoeschl and T. C. Bueno and H. C. Hoeschl},
	booktitle = {2017 7th World Engineering Education Forum (WEEF)},
	journal = {2017 7th World Engineering Education Forum (WEEF)},
	pages = {21-26},
	title = {Fourth Industrial Revolution and the future of Engineering: Could Robots Replace Human Jobs? How Ethical Recommendations can Help Engineers Rule on Artificial Intelligence},
	year = {2017}}

@article{Lim2019TechGD,
	author = {T. Lim},
	booktitle = {Industrial Revolution 4.0, Tech Giants, and Digitized Societies},
	journal = {Industrial Revolution 4.0, Tech Giants, and Digitized Societies},
	title = {Tech Giants, Digitized Workplaces and Societies: Comparative Area Studies Analyses of North American and East Asian Responses to Industrial Revolution 4.0},
	year = {2019}}

@inproceedings{Gatta2017stateOW,
	author = {P. Gatta},
	title = {state of world fisheries and aquaculture},
	year = {2017}}

@article{Schmidhuber2007GlobalFS,
	author = {J. Schmidhuber and F. Tubiello},
	booktitle = {Proceedings of the National Academy of Sciences of the United States of America},
	journal = {Proceedings of the National Academy of Sciences},
	pages = {19703 - 19708},
	title = {Global food security under climate change},
	volume = {104},
	year = {2007}}

@inproceedings{Lehmann2015BiocharFE,
	author = {J. Lehmann and S. Joseph},
	title = {Biochar for environmental management : science, technology and implementation},
	year = {2015}}

@article{Pretty2008AgriculturalSC,
	author = {J. Pretty},
	booktitle = {Philosophical Transactions of the Royal Society B: Biological Sciences},
	journal = {Philosophical Transactions of the Royal Society B: Biological Sciences},
	pages = {447 - 465},
	title = {Agricultural sustainability: concepts, principles and evidence},
	volume = {363},
	year = {2008}}

@article{Seligman2007FoodII,
	author = {H. Seligman and A. Bindman and E. Vittinghoff and A. Kanaya and M. Kushel},
	booktitle = {Journal of general internal medicine},
	journal = {Journal of General Internal Medicine},
	pages = {1018-1023},
	title = {Food Insecurity is Associated with Diabetes Mellitus: Results from the National Health Examination and Nutrition Examination Survey (NHANES) 19992002},
	volume = {22},
	year = {2007}}

@inproceedings{Trostle2012GlobalAS,
	author = {R. Trostle},
	title = {Global Agricultural Supply and Demand: Factors Contributing to the Recent Increase in Food Commodity Prices},
	year = {2012}}

@article{Brinkman2010HighFP,
	author = {H. Brinkman and S. de Pee and I. Sanogo and Ludovic Subran and Martin W. Bloem},
	booktitle = {Journal of NutriLife},
	journal = {The Journal of nutrition},
	pages = {153S-61S},
	title = {High food prices and the global financial crisis have reduced access to nutritious food and worsened nutritional status and health.},
	volume = {140 1},
	year = {2010}}

@article{Myers2017ClimateCA,
	author = {S. Myers and Matthew R. Smith and Sarah Guth and C. Golden and B. Vaitla and N. Mueller and A. Dangour and P. Huybers},
	booktitle = {Annual Review of Public Health},
	journal = {Annual review of public health},
	pages = {259-277},
	title = {Climate Change and Global Food Systems: Potential Impacts on Food Security and Undernutrition.},
	volume = {38},
	year = {2017}}

@article{Beveridge2013MeetingTF,
	author = {M. Beveridge and S. Thilsted and M. Phillips and M. Metian and M. Troell and S. Hall},
	booktitle = {Journal of Fish Biology},
	journal = {Journal of Fish Biology},
	pages = {1067 - 1084},
	title = {Meeting the food and nutrition needs of the poor: the role of fish and the opportunities and challenges emerging from the rise of aquaculturea},
	volume = {83},
	year = {2013}}

@article{Jennings2016AquaticFS,
	author = {S. Jennings and G. Stentiford and A. Leocdio and K. Jeffery and J. Metcalfe and I. Katsiadaki and N. Auchterlonie and S. Mangi and J. Pinnegar and T. Ellis and E. Peeler and T. Luisetti and C. Baker-Austin and Mary Brown and T. Catchpole and F. Clyne and S. Dye and N. Edmonds and K. Hyder and Janette Lee and D. Lees and O. C. Morgan and C. OBrien and B. Oidtmann and P. Posen and A. R. Santos and N. Taylor and A. Turner and B. Townhill and D. Verner-Jeffreys},
	journal = {Fish and Fisheries},
	pages = {893-938},
	title = {Aquatic food security: insights into challenges and solutions from an analysis of interactions between fisheries, aquaculture, food safety, human health, fish and human welfare, economy and environment},
	volume = {17},
	year = {2016}}

@article{Roberts2010IdentifyingSA,
	author = {M. Roberts and W. Schlenker},
	journal = {SRPN: Biofuels (Topic)},
	title = {Identifying Supply and Demand Elasticities of Agricultural Commodities: Implications for the Us Ethanol Mandate},
	year = {2010}}

@article{Peuelas2020AnthropogenicGS,
	author = {J. Peuelas and I. Jannssens and P. Ciais and M. Obersteiner and J. Sardans},
	booktitle = {Global Change Biology},
	journal = {Global Change Biology},
	pages = {1962 - 1985},
	title = {Anthropogenic global shifts in biospheric N and P concentrations and ratios and their impacts on biodiversity, ecosystem productivity, food security, and human health},
	volume = {26},
	year = {2020}}

@article{Gilbert2010HowTU,
	author = {C. Gilbert},
	journal = {Journal of Agricultural Economics},
	pages = {398-425},
	title = {How to Understand High Food Prices},
	volume = {61},
	year = {2010}}

@article{Pretty2010TheT1,
	author = {J. Pretty and W. Sutherland and J. Ashby and J. Auburn and D. Baulcombe and M. Bell and J. Bentley and Sam Bickersteth and K. Brown and J. Burke and H. Campbell and Kevin Chen and E. Crowley and I. Crute and D. Dobbelaere and G. EdwardsJones and F. Funes-Monzote and H. Godfray and M. Griffon and Phrek Gypmantisiri and L. Haddad and S. Halavatau and H. Herren and M. Holderness and A. Izac and Monty P. Jones and P. Koohafkan and R. Lal and T. Lang and J. Mcneely and Alexander Mueller and N. Nisbett and A. Noble and P. Pingali and Y. Pinto and R. Rabbinge and N. H. Ravindranath and A. Rola and N. Roling and C. Sage and William H. Settle and J. Sha and Luo Shiming and T. Simons and Pete Smith and Kenneth Strzepeck and H. Swaine and E. Terry and T. Tomich and C. Toulmin and E. Trigo and S. Twomlow and J. Vis and Jeremy D. Wilson and S. Pilgrim},
	journal = {International Journal of Agricultural Sustainability},
	pages = {219 - 236},
	title = {The top 100 questions of importance to the future of global agriculture},
	volume = {8},
	year = {2010}}

@article{Sharkey2010FoodAA,
	author = {J. Sharkey and Cassandra M. Johnson and W. Dean},
	booktitle = {BMC Geriatrics},
	journal = {BMC Geriatrics},
	pages = {32 - 32},
	title = {Food Access and Perceptions of the Community and Household Food Environment as Correlates of Fruit and Vegetable Intake among Rural Seniors},
	volume = {10},
	year = {2010}}

@article{Dubowitz2014HealthyFA,
	author = {T. Dubowitz and S. Zenk and B. Ghosh-Dastidar and D. Cohen and R. Beckman and Gerald P. Hunter and E. Steiner and R. Collins},
	booktitle = {Public Health Nutrition},
	journal = {Public Health Nutrition},
	pages = {2220 - 2230},
	title = {Healthy food access for urban food desert residents: examination of the food environment, food purchasing practices, diet and BMI},
	volume = {18},
	year = {2014}}

@article{Moxley2011TestingTI,
	author = {R. Moxley and K. Jicha and Gretchen H. Thompson},
	booktitle = {Ecology of Food and Nutrition},
	journal = {Ecology of Food and Nutrition},
	pages = {215 - 239},
	title = {Testing the Importance of Family Solidarity, Community Structure, Information Access, and Social Capital in Predicting Nutrition Health Knowledge and Food Choices in the Philippines},
	volume = {50},
	year = {2011}}

@article{Schaubroeck2013QuantifyingTE,
	author = {T. Schaubroeck and R. Alvarenga and K. Verheyen and B. Muys and J. Dewulf},
	booktitle = {Environmental Science and Technology},
	journal = {Environmental science \\\& technology},
	pages = {13578-86},
	title = {Quantifying the environmental impact of an integrated human/industrial-natural system using life cycle assessment; a case study on a forest and wood processing chain.},
	volume = {47 23},
	year = {2013}}

@article{Benke2017FutureFS,
	author = {K. Benke and B. Tomkins},
	journal = {Sustainability: Science, Practice and Policy},
	pages = {13 - 26},
	title = {Future food-production systems: vertical farming and controlled-environment agriculture},
	volume = {13},
	year = {2017}}

@article{Sreeramareddy2014AssociationBH,
	author = {C. Sreeramareddy and N. Ramakrishnareddy and Mayoori Subramaniam},
	booktitle = {Public Health Nutrition},
	journal = {Public Health Nutrition},
	pages = {2906 - 2914},
	title = {Association between household food access insecurity and nutritional status indicators among children aged <5 years in Nepal: results from a national, cross-sectional household survey},
	volume = {18},
	year = {2014}}

@article{Faizal2022IntegrateTA,
	author = {Sellywati Mohd Faizal and N. Jaffar and Azleen Shabrina Mohd Nor},
	booktitle = {Cogent Business \\&amp; Management},
	journal = {Cogent Business \\& Management},
	title = {Integrate the adoption and readiness of digital technologies amongst accounting professionals towards the fourth industrial revolution},
	volume = {9},
	year = {2022}}

@article{Schaubroeck2013QuantifyingTE,
	author = {T. Schaubroeck and R. Alvarenga and K. Verheyen and B. Muys and J. Dewulf},
	booktitle = {Environmental Science and Technology},
	journal = {Environmental science \\& technology},
	pages = {13578-86},
	title = {Quantifying the environmental impact of an integrated human/industrial-natural system using life cycle assessment; a case study on a forest and wood processing chain.},
	volume = {47 23},
	year = {2013}}

@article{Faizal2022IntegrateTA,
	author = {Sellywati Mohd Faizal and N. Jaffar and Azleen Shabrina Mohd Nor},
	booktitle = {Cogent Business \&amp; Management},
	journal = {Cogent Business \& Management},
	title = {Integrate the adoption and readiness of digital technologies amongst accounting professionals towards the fourth industrial revolution},
	volume = {9},
	year = {2022}}

@article{Schaubroeck2013QuantifyingTE,
	author = {T. Schaubroeck and R. Alvarenga and K. Verheyen and B. Muys and J. Dewulf},
	booktitle = {Environmental Science and Technology},
	journal = {Environmental science \& technology},
	pages = {13578-86},
	title = {Quantifying the environmental impact of an integrated human/industrial-natural system using life cycle assessment; a case study on a forest and wood processing chain.},
	volume = {47 23},
	year = {2013}}

@inproceedings{None,
	title = {The Fourth Industrial Revolution: what it means, how to respond},
	year = {2016}}

@article{Mcnaughton2013TheIA,
	author = {David Mcnaughton and J. Light},
	booktitle = {Augmentative and Alternative Communication : AAC},
	journal = {Augmentative and Alternative Communication},
	pages = {107 - 116},
	title = {The iPad and Mobile Technology Revolution: Benefits and Challenges for Individuals who require Augmentative and Alternative Communication},
	volume = {29},
	year = {2013}}

@article{Cesnik2001DigitalL,
	author = {B. Cesnik},
	booktitle = {Yearbook of Medical Informatics},
	journal = {Yearbook of Medical Informatics},
	pages = {147 - 150},
	title = {Digital Libraries},
	volume = {10},
	year = {2001}}

@inproceedings{Kim2011TheCD,
	author = {Jung A Kim},
	title = {The Creative Destruction of Medicine: How the Digital Revolution Will Create Better Health Care},
	year = {2011}}

@article{Ma2006SocialSA,
	author = {Laurence J. C. Ma},
	journal = {China Journal},
	pages = {176},
	title = {Social Space and Governance in Urban China: The Danwei System from Origins to Reform},
	year = {2006}}

@article{Chambers2000LocalityIT,
	author = {D. W. Chambers and Richard T. Gillespie},
	booktitle = {Osiris},
	journal = {Osiris},
	pages = {221 - 240},
	title = {Locality in the History of Science: Colonial Science, Technoscience, and Indigenous Knowledge},
	volume = {15},
	year = {2000}}

@inproceedings{Haidt2008PlanetOT,
	author = {J. Haidt and J. Graham},
	title = {Planet of the Durkheimians : Where Community , Authority , and Sacredness Are Foundations of Morality},
	year = {2008}}

@article{Bradshaw2010TheIP,
	author = {S. Bradshaw and A. Bowyer and P. Haufe},
	journal = {Scriptorium},
	pages = {5-31},
	title = {The intellectual property implications of low-cost 3D printing},
	volume = {7},
	year = {2010}}

@article{Weiner2009TowardRO,
	author = {M. Weiner and P. Emb},
	booktitle = {Annals of Internal Medicine},
	journal = {Annals of Internal Medicine},
	pages = {359-360},
	title = {Toward Reuse of Clinical Data for Research and Quality Improvement: The End of the Beginning?},
	volume = {151},
	year = {2009}}

@article{Chung2016TheII,
	author = {Mihyun Chung and Jaehyoun Kim},
	booktitle = {KSII Transactions on Internet and Information Systems},
	journal = {KSII Trans. Internet Inf. Syst.},
	pages = {1311-1320},
	title = {The Internet Information and Technology Research Directions based on the Fourth Industrial Revolution},
	volume = {10},
	year = {2016}}

@inproceedings{Ding2010SocialMA,
	author = {Huiling Ding and Jingwen Zhang},
	title = {Social Media and Participatory Risk Communication during the H1N1 Flu Epidemic: A Comparative Study of the United States and China},
	year = {2010}}

@article{Maruping2015MotivatingET,
	author = {Likoebe M. Maruping and Massimo Magni},
	booktitle = {MIS Q.},
	journal = {MIS Q.},
	pages = {1-16},
	title = {Motivating Employees to Explore Collaboration Technology in Team Contexts},
	volume = {39},
	year = {2015}}

@inproceedings{Zhang2012ChinasIA,
	author = {Xiaoling Zhang and Yongnian Zheng},
	title = {China's Information and Communications Technology Revolution: Social changes and state responses},
	year = {2012}}

@article{Mckee2019TheSI,
	author = {M. Mckee and M. van Schalkwyk and D. Stuckler},
	booktitle = {European Journal of Public Health},
	journal = {The European Journal of Public Health},
	pages = {3 - 6},
	title = {The second information revolution: digitalization brings opportunities and concerns for public health},
	volume = {29},
	year = {2019}}

@article{Samiei2020RecentTO,
	author = {Nasim Samiei},
	booktitle = {Beni-Suef University Journal of Basic and Applied Sciences},
	journal = {Beni-Suef University Journal of Basic and Applied Sciences},
	title = {Recent trends on applications of 3D printing technology on the design and manufacture of pharmaceutical oral formulation: a mini review},
	volume = {9},
	year = {2020}}

@article{Kohnov2019InternalFS,
	author = {Lucia Kohnov and Jn Papula and Nikola Salajov},
	booktitle = {Business: Theory and Practice},
	journal = {Business: Theory and Practice},
	title = {Internal factors supporting business and technological transformation in the context of Industry 4.0},
	year = {2019}}

@article{Choudhury2018TheAO,
	author = {D. Choudhury and Shivesh Anand and M. Naing},
	booktitle = {International Journal of Bioprinting},
	journal = {International Journal of Bioprinting},
	title = {The arrival of commercial bioprinters Towards 3D bioprinting revolution!},
	volume = {4},
	year = {2018}}

@inproceedings{Farrell2017InvestigationIT,
	author = {M. Farrell},
	title = {Investigation in the use of video technology with adults with moderate intellectual disability, to teach culinary arts using self- modelling and overt auditory self-prompting in their own home},
	year = {2017}}

@article{Ballardini2018PrintingSP,
	author = {R. Ballardini and I. F. Ituarte and E. Pei},
	booktitle = {Journal of Manufacturing Technology Management},
	journal = {Journal of Manufacturing Technology Management},
	title = {Printing spare parts through additive manufacturing: legal and digital business challenges},
	year = {2018}}

@article{Brnighausen2009FinancialIF,
	author = {T. Brnighausen and D. Bloom},
	booktitle = {BMC Health Services Research},
	journal = {BMC Health Services Research},
	pages = {86 - 86},
	title = {Financial incentives for return of service in underserved areas: a systematic review},
	volume = {9},
	year = {2009}}

@article{Adebayo2021ImpactOR,
	author = {T. Adebayo and Dervi Krkkaleli},
	booktitle = {Environment, Development and Sustainability},
	journal = {Environment, Development and Sustainability},
	pages = {16057 - 16082},
	title = {Impact of renewable energy consumption, globalization, and technological innovation on environmental degradation in Japan: application of wavelet tools},
	volume = {23},
	year = {2021}}

@article{Inoue2020ThePO,
	author = {H. Inoue and Y. Todo},
	booktitle = {Social Science Research Network},
	journal = {Urban \& Regional Resilience eJournal},
	title = {The Propagation of the Economic Impact through Supply Chains: The Case of a Mega-City Lockdown against the Spread of COVID-19},
	year = {2020}}

@inproceedings{Kerbo2006SocialSA,
	author = {Harold R. Kerbo},
	title = {Social stratification and inequality: class conflict in historical, comparative, and global perspective},
	year = {2006}}

@article{Azam2016TheIO,
	author = {M. Azam and Abdul Qayyum Khan and H. Abdullah and M. Qureshi},
	booktitle = {Environmental science and pollution research international},
	journal = {Environmental Science and Pollution Research},
	pages = {6376-6389},
	title = {The impact of CO2 emissions on economic growth: evidence from selected higher CO2 emissions economies},
	volume = {23},
	year = {2016}}

@article{Wada2013TheEI,
	author = {K. Wada and M. Arakida and Rika Watanabe and M. Negishi and Jun Sato and A. Tsutsumi},
	booktitle = {Industrial Health},
	journal = {Industrial Health},
	pages = {482 - 489},
	title = {The Economic Impact of Loss of Performance Due to Absenteeism and Presenteeism Caused by Depressive Symptoms and Comorbid Health Conditions among Japanese Workers},
	volume = {51},
	year = {2013}}

@book{Singh2015UrbanDC,
	author = {Ram B. Singh},
	journal = {Urban Development Challenges, Risks and Resilience in Asian Mega Cities},
	title = {Urban Development Challenges, Risks and Resilience in Asian Mega Cities},
	year = {2015}}

@article{Ahmed2021MovingTA,
	author = {Zahoor Ahmed and Michael Cary and Sajid Ali and Muntasir Murshed and Hamid Ullah and Haider Mahmood},
	booktitle = {Energy and the Environment},
	journal = {Energy \& Environment},
	pages = {1417 - 1440},
	title = {Moving toward a green revolution in Japan: Symmetric and asymmetric relationships among clean energy technology development investments, economic growth, and CO2 emissions},
	volume = {33},
	year = {2021}}

@article{Paap2004ANTICIPATINGDI,
	author = {J. Paap and R. Katz},
	journal = {Research-technology Management},
	pages = {13},
	title = {ANTICIPATING DISRUPTIVE INNOVATION The key to avoiding the negative effects of disruptive technologies is to focus on what is happening with customer and operational needs.},
	volume = {47},
	year = {2004}}

@article{Pata2021DoRE,
	author = {U. Pata},
	booktitle = {European Journal of Health Economics},
	journal = {The European Journal of Health Economics},
	pages = {1427 - 1439},
	title = {Do renewable energy and health expenditures improve load capacity factor in the USA and Japan? A new approach to environmental issues},
	volume = {22},
	year = {2021}}

@article{Nakajima2017AMT,
	author = {T. Nakajima and N. Shiraishi and H. Kanomata and M. Matsumoto},
	booktitle = {New Zealand Journal of Forestry Science},
	journal = {New Zealand Journal of Forestry Science},
	pages = {1-13},
	title = {A method to maximise forest profitability through optimal rotation period selection under various economic, site and silvicultural conditions},
	volume = {47},
	year = {2017}}

@article{Tsubota-Utsugi2018AssociationBH,
	author = {M. Tsubota-Utsugi and Y. Yonekura and K. Tanno and M. Nozue and H. Shimoda and N. Nishi and K. Sakata and S. Kobayashi},
	booktitle = {BMC Geriatrics},
	journal = {BMC Geriatrics},
	title = {Association between health risks and frailty in relation to the degree of housing damage among elderly survivors of the great East Japan earthquake},
	volume = {18},
	year = {2018}}

@article{Tsutaya2016TheDO,
	author = {Takumi Tsutaya and T. Nagaoka and Yukari Kakinuma and O. Kondo and M. Yoneda},
	journal = {Anthropological Science},
	pages = {17-27},
	title = {The diet of townspeople in the city of Edo: carbon and nitrogen stable isotope analyses of human skeletons from the Ikenohata-Shichikencho site},
	volume = {124},
	year = {2016}}

@inproceedings{Zwicker2006PracticesOT,
	author = {Jonathan E. Zwicker},
	title = {Practices of the Sentimental Imagination: Melodrama, the Novel, and the Social Imaginary in Nineteenth-Century Japan},
	year = {2006}}

@inproceedings{Vaporis2008TourOD,
	author = {C. Vaporis},
	title = {Tour of Duty: Samurai, Military Service in Edo, and the Culture of Early Modern Japan},
	year = {2008}}

@article{Cooper2006ThePW,
	author = {M. Cooper},
	journal = {International Journal of Tourism Research},
	pages = {213-222},
	title = {The Pacific War battlefields: tourist attractions or war memorials?},
	volume = {8},
	year = {2006}}

@article{Akazawa2019EightYearEO,
	author = {Tsubasa Akazawa and Y. Kusama and H. Fukuda and K. Hayakawa and S. Kutsuna and Y. Moriyama and Hirotake Ohashi and Saeko Tamura and Kei Yamamoto and Ryohei Hara and A. Shigeno and M. Ota and M. Ishikane and Shunichiro Tokita and H. Terakado and N. Ohmagari},
	booktitle = {Open Forum Infectious Diseases},
	journal = {Open Forum Infectious Diseases},
	title = {Eight-Year Experience of Antimicrobial Stewardship Program and the Trend of Carbapenem Use at a Tertiary Acute-Care Hospital in JapanThe Impact of Postprescription Review and Feedback},
	volume = {6},
	year = {2019}}

@article{Ludwin2007FolkloreAE,
	author = {R. S. Ludwin and G. Smits and D. Carver and K. James and C. Jonientz-Trisler and A. McMillan and R. Losey and R. Dennis and J. Rasmussen and A. De Los Angeles and D. Buerge and C. Thrush and J. Clague and J. Bowechop and J. Wray},
	booktitle = {Geological Society Special Publication},
	journal = {Geological Society, London, Special Publications},
	pages = {67 - 94},
	title = {Folklore and earthquakes: Native American oral traditions from Cascadia compared with written traditions from Japan},
	volume = {273},
	year = {2007}}

@article{Arimoto2009TheCE,
	author = {A. Arimoto},
	journal = {Asia Pacific Education Review},
	pages = {29-46},
	title = {The competitive environment of academic productivity and the academic research enterprise in the case of Japan},
	volume = {10},
	year = {2009}}

@article{Tokunaga2021ImpactOC,
	author = {S. Tokunaga and Mitsuru Okiyama},
	booktitle = {Asia-Pacific Journal of Regional Science},
	journal = {Asia-Pacific Journal of Regional Science},
	pages = {365-419},
	title = {Impact of changes in the labor force and innovative agro-based food industry clusters on primary and foodbeverage industries, and regional economies in Japans depopulating society},
	volume = {6},
	year = {2021}}

@inproceedings{Liu2010TheSR,
	author = {Xinru Liu},
	title = {The Silk Road in World History},
	year = {2010}}

@article{Farr2018PowerDA,
	author = {M. Farr},
	journal = {Critical Social Policy},
	pages = {623 - 644},
	title = {Power dynamics and collaborative mechanisms in co-production and co-design processes},
	volume = {38},
	year = {2018}}

@article{Li2016DistributionEA,
	author = {Peiyue Li and Jianhua Wu and H. Qian and Wanfang Zhou},
	booktitle = {Environmental Earth Sciences},
	journal = {Environmental Earth Sciences},
	pages = {1-16},
	title = {Distribution, enrichment and sources of trace metals in the topsoil in the vicinity of a steel wire plant along the Silk Road economic belt, northwest China},
	volume = {75},
	year = {2016}}

@article{Chung2018WhatAT,
	author = {C. Chung},
	journal = {The Pacific Review},
	pages = {315 - 332},
	title = {What are the strategic and economic implications for South Asia of China's Maritime Silk Road initiative?},
	volume = {31},
	year = {2018}}

@inproceedings{Suocheng2015ResourcesEA,
	author = {D. Suocheng and Li Zehong and Li Yu and Shi Guang-yi and Yu Huilu and Wang Juanle and Li Jun and Mao Qiliang and Hu Yongbin},
	pages = {65 - 72},
	title = {Resources, Environment and Economic Patterns and Sustainable Development Modes of the Silk Road Economic Belt},
	volume = {6},
	year = {2015}}

@article{Dave2018ChinasSR,
	author = {B. Dave and Yuka Kobayashi},
	journal = {Asia Europe Journal},
	pages = {267-281},
	title = {Chinas silk road economic belt initiative in Central Asia: economic and security implications},
	volume = {16},
	year = {2018}}

@article{Chan2018TheBA,
	author = {Man Hung Thomas Chan},
	booktitle = {Journal of Contemporary East Asia Studies},
	journal = {Journal of Contemporary East Asia Studies},
	pages = {104 - 123},
	title = {The Belt and Road Initiative the New Silk Road: a research agenda},
	volume = {7},
	year = {2018}}

@article{Bellina2014MaritimeSR,
	author = {B. Bellina},
	journal = {Cambridge Archaeological Journal},
	pages = {345-377},
	title = {Maritime Silk Roads Ornament Industries: Socio-political Practices and Cultural Transfers in the South China Sea},
	volume = {24},
	year = {2014}}

@article{Taylor2018EarlyPE,
	author = {W. Taylor and S. Shnaider and A. Abdykanova and A. Fages and F. Welker and Franziska Irmer and Andaine Seguin-Orlando and Naveed Khan and K. Douka and K. Kolobova and L. Orlando and A. Krivoshapkin and N. Boivin},
	booktitle = {PLoS ONE},
	journal = {PLoS ONE},
	title = {Early pastoral economies along the Ancient Silk Road: Biomolecular evidence from the Alay Valley, Kyrgyzstan},
	volume = {13},
	year = {2018}}

@inproceedings{Zhou2018TheSR,
	author = {Jiayi Zhou},
	title = {The Silk Road Economic Belt-Considering security implications and EU China cooperation prospects},
	year = {2018}}

@inproceedings{Drescher2004FoodFT,
	author = {A. Drescher},
	pages = {227-231},
	title = {Food for the cities: urban agriculture in developing countries},
	volume = {643},
	year = {2004}}

@article{Hermes2018UrbanAN,
	author = {T. Hermes and Michael D. Frachetti and Elissa A Bullion and F. Maksudov and Samariddin Mustafokulov and C. Makarewicz},
	booktitle = {Scientific Reports},
	journal = {Scientific Reports},
	title = {Urban and nomadic isotopic niches reveal dietary connectivities along Central Asias Silk Roads},
	volume = {8},
	year = {2018}}

@article{Chin2013TheIO,
	author = {Tamara T. Chin},
	booktitle = {Critical Inquiry},
	journal = {Critical Inquiry},
	pages = {194 - 219},
	title = {The Invention of the Silk Road, 1877},
	volume = {40},
	year = {2013}}

@article{Mou2018SpatialPA,
	author = {Naixia Mou and Caixia Liu and Lingxian Zhang and Xin Fu and Yichun Xie and Yong Li and Peng Peng},
	journal = {Sustainability},
	pages = {977},
	title = {Spatial Pattern and Regional Relevance Analysis of the Maritime Silk Road Shipping Network},
	volume = {10},
	year = {2018}}

@article{Guo2019QuantitativeAM,
	author = {Bing Guo and Yewen Fan and Fei Yang and Lin Jiang and Wenna Yang and Shuting Chen and Rui Gong and Tian Liang},
	booktitle = {Geomatics, Natural Hazards \& Risk},
	journal = {Geomatics, Natural Hazards and Risk},
	pages = {1346 - 1366},
	title = {Quantitative assessment model of ecological vulnerability of the Silk Road Economic Belt, China, utilizing remote sensing based on the partitionintegration concept},
	volume = {10},
	year = {2019}}

@article{Pepermans2018Chinas1A,
	author = {A. Pepermans},
	booktitle = {Journal of Contemporary Central and Eastern Europe},
	journal = {Journal of Contemporary Central and Eastern Europe},
	pages = {181 - 203},
	title = {Chinas 16+1 and Belt and Road Initiative in Central and Eastern Europe: economic and political influence at a cheap price},
	volume = {26},
	year = {2018}}

@article{Pieper2020TheLO,
	author = {M. Pieper},
	booktitle = {International Politics},
	journal = {International Politics},
	pages = {462-482},
	title = {The linchpin of Eurasia: Kazakhstan and the Eurasian economic union between Russias defensive regionalism and Chinas new Silk Roads},
	volume = {58},
	year = {2020}}

@article{Hao2017TheDO,
	author = {Qingqing Hao and Yinhui Zuo and Lintao Li and Weijun Chen and Junjie Yi and L. Wu},
	journal = {Acta Geologica Sinica English Edition},
	title = {The Distribution of Petroleum Resources and Characteristics of Main Petroliferous Basins along the Silk Road Economic Belt and the 21stCentury Maritime Silk Road},
	volume = {91},
	year = {2017}}

@inproceedings{2004MULTIDIMENSIONALDV,
	title = {MULTIDIMENSIONAL DATA VISUALIZATION},
	year = {2004}}

@inproceedings{Li2018MultidimensionLA,
	author = {Zhibing Li and Yichuan Xiao and Sineng Bi and Jianguo Wu},
	title = {Multidimension Limits and Resolution Strategies for Tourism Targeted Poverty Alleviation in Deep Poverty Areas-Taking Sichuan Tibetan as an Example},
	year = {2018}}

@inproceedings{Somwaru2003FarmAN,
	author = {A. Somwaru and K. Hanson},
	title = {Farm and Non-Farm Households Distributional Effects of U.S. Farm Commodity Programs},
	year = {2003}}

@inproceedings{Robertson2007EncyclopediaOG,
	author = {R. Robertson and J. Scholte and F. Cheru and C. Chinkin and Ken Conca and R. Holton and Wolf Schfer and O. Velho and I. Volkmer and Wang Ning},
	title = {Encyclopedia of Globalization},
	year = {2007}}

@article{Patke2006PostcolonialC,
	author = {Rajeev S. Patke},
	journal = {Theory, Culture \& Society},
	pages = {369 - 372},
	title = {Postcolonial Cultures},
	volume = {23},
	year = {2006}}

@article{Balzer2008RussiaAC,
	author = {H. Balzer},
	journal = {Demokratizatsiya},
	pages = {37-47},
	title = {Russia and China in the Global Economy},
	volume = {16},
	year = {2008}}

@inproceedings{None,
	title = {Personal Ornaments in Early Prehistory Taking Beads Seriously : Prehistoric Forager Ornamental Traditions in Southeastern Europe},
	year = {2019}}

@inproceedings{Zapata2016TheWF,
	author = {N. Zapata},
	title = {The water framework directive, paradigm shift or unrealized promises? A critical evaluation of its implementation from a boundary, economic and socio-political perspective},
	year = {2016}}

@inproceedings{Weiss2011TowardsSR,
	author = {K. Weiss},
	title = {Towards social-ecological resilience in natural resource governance: issues of power, diversity and scale},
	year = {2011}}

@inproceedings{orgagner2006TheoreticalAM,
	author = {R. orgagner},
	title = {Theoretical and methodological issues in Evolutionary Archaeology : Toward a unified Darwinian paradigm . An Evolutionary Theory of Cultural Differentiation},
	year = {2006}}

@article{Church2018TheES,
	author = {S. Church},
	journal = {Cambridge Journal of Eurasian Studies},
	title = {The Eurasian Silk Road: Its historical roots and the Chinese imagination},
	volume = {2},
	year = {2018}}

@article{Birkenholtz2004TubewellCG,
	author = {Trevor Birkenholtz},
	journal = {Economic Geography},
	pages = {115 - 117},
	title = {Tubewell Capitalism: Groundwater Development and Agrarian Change in Gujarat By Navroz K. Dubash},
	volume = {80},
	year = {2004}}

@article{Rettie2005BookRD,
	author = {Kathy Rettie},
	journal = {Critique of Anthropology},
	pages = {436 - 437},
	title = {Book Review: Development and Local Knowledge: New Approaches to Issues in Natural Resources Management, Conservation and Agriculture},
	volume = {25},
	year = {2005}}

@inproceedings{Xie2008ChineseP,
	author = {Yu Xie and Guang-zhen Wang and P. Box and S. Achen and Miranda Brown and Cindy Glovinsky and Katherine King and Yang Jiang and A. Thornton and L. Young-DeMarco},
	title = {Chinese People's Beliefs about the Relationship between Economic Development and Social Inequality},
	year = {2008}}

@inproceedings{Cherepania2018TheEO,
	author = {M. Cherepania},
	pages = {18-21},
	title = {The establishment of the residential care facilities in the Transcarpathian region of the early XX century},
	year = {2018}}

@inproceedings{Kim2018TheRO,
	author = {Karl E. Kim and Konia Freitas},
	pages = {155-174},
	title = {The Resilience of Islands: Borders and Boundaries of Risk Reduction},
	year = {2018}}

@inproceedings{Georgedes2006ReligionEA,
	author = {Kimberly Georgedes},
	pages = {73},
	title = {Religion, Education and the Role of Government in Medieval Universities: Lessons Learned or Lost?},
	year = {2006}}

@inproceedings{Zayyan2017TheRO,
	author = {Ezzat Zayyan},
	pages = {21-57},
	title = {The Role of Border Governorates in Redistribution of Population and Labour Force, Egypt, 1976-2015 (A Study in Labour Force and Regional Development)},
	volume = {90},
	year = {2017}}

@inproceedings{Gowland2018TitleBC,
	author = {R. Gowland and Anwen C Caffell and S. Newman and A. Levene and Malin and Holst},
	title = {Title: Broken Childhoods: Rural and Urban Non-Adult Health during the Industrial Revolution in Northern England (Eighteenth-Nineteenth Centuries). Authors: *Rebecca},
	year = {2018}}

@inproceedings{Gao2018FeasibilityAO,
	author = {Wen Gao},
	title = {Feasibility Analysis on the Transaction Integration of Air Pollution Emission in Dianzhong Economic Zone},
	year = {2018}}

@inproceedings{Meylahn2011EcclesiologyAD,
	author = {Johann-Albrecht Meylahn},
	pages = {1-15},
	title = {Ecclesiology as doing theology in and with local communities but not of the empire},
	volume = {37},
	year = {2011}}

@inproceedings{Eric2011TheGD,
	author = {Yankey Eric},
	title = {The great divergence between the East and the West: the role of institutions, demography and culture},
	year = {2011}}

@inproceedings{Tegegn2015RuralWL,
	author = {B. Tegegn},
	title = {Rural Women Land Rights in Africa: Comparative Analysis of Ethiopia with Selected African Countries},
	year = {2015}}

@article{Carman2002TransitionTF,
	author = {J. Carman},
	journal = {Journal of Macromarketing},
	pages = {184 - 187},
	title = {Transition, The First Ten Years: Analysis and Lessons for Eastern Europe and the Former Soviet Union},
	volume = {22},
	year = {2002}}

@article{Kelemen2010TradingPT,
	author = {R. Kelemen and D. Vogel},
	journal = {Comparative Political Studies},
	pages = {427 - 456},
	title = {Trading Places: The Role of the United States and the European Union in International Environmental Politics},
	volume = {43},
	year = {2010}}

@inproceedings{Leffler2010TheCH,
	author = {M. Leffler and O. A. Westad},
	title = {The Cambridge History of the Cold War},
	year = {2010}}

@inproceedings{Friedberg2000InTS,
	author = {Aaron L. Friedberg},
	title = {In the Shadow of the Garrison State: America's Anti-Statism and its Cold War Grand Strategy},
	year = {2000}}

@inproceedings{Dean2001ImperialBG,
	author = {R. Dean},
	title = {Imperial Brotherhood: Gender and the Making of Cold War Foreign Policy},
	year = {2001}}

@article{Avetisyan2013DynamicsOS,
	author = {E. Avetisyan and Michel Ferrary},
	journal = {Journal of Business Ethics},
	pages = {115-133},
	title = {Dynamics of Stakeholders Implications in the Institutionalization of the CSR Field in France and in the United States},
	volume = {115},
	year = {2013}}

@article{Martinez2019TechnologyIA,
	author = {Barbara Martinez and J. Reaser and A. Dehgan and Brad Zamft and D. Baisch and Colin McCormick and A. Giordano and R. Aicher and S. Selbe},
	booktitle = {Biological Invasions},
	journal = {Biological Invasions},
	pages = {75-100},
	title = {Technology innovation: advancing capacities for the early detection of and rapid response to invasive species},
	volume = {22},
	year = {2019}}

@inproceedings{Siddiqi2000ChallengeTA,
	author = {A. Siddiqi},
	title = {Challenge to Apollo: The Soviet Union and the Space Race, 1945- 1974},
	year = {2000}}

@inproceedings{Friedman2015ShadowCW,
	author = {Jeremy Friedman},
	title = {Shadow Cold War: The Sino-Soviet Competition for the Third World},
	year = {2015}}

@article{Maclean2004BalanceOP,
	author = {G. Maclean and T. V. Paul and J. Wirtz and Michel Fortmann},
	journal = {International Journal},
	pages = {274},
	title = {Balance of Power: Theory and Practice in the 21st Century},
	volume = {61},
	year = {2004}}

@inproceedings{Chowdhry2013PowerPA,
	author = {G. Chowdhry and Sheila Nair},
	pages = {1-324},
	title = {Power, postcolonialism and international relations: Reading race, gender and class},
	year = {2013}}

@inproceedings{Oreskes2014ScienceAT,
	author = {N. Oreskes and J. Krige},
	title = {Science and Technology in the Global Cold War},
	year = {2014}}

@inproceedings{Kranz2000FailureIN,
	author = {G. Kranz},
	title = {Failure Is Not an Option: Mission Control from Mercury to Apollo 13 and Beyond},
	year = {2000}}

@article{Kuo2016DivergingPO,
	author = {Janet Chen-Lan Kuo and R. K. Raley},
	booktitle = {Demography},
	journal = {Demography},
	pages = {921-935},
	title = {Diverging Patterns of Union Transition Among Cohabitors by Race/Ethnicity and Education: Trends and Marital Intentions in the United States},
	volume = {53},
	year = {2016}}

@article{Golaz2000EpidemicDI,
	author = {A. Golaz and I. Hardy and P. Strebel and K. Bisgard and C. Vitek and T. Popovi and M. Wharton},
	booktitle = {Journal of Infectious Diseases},
	journal = {The Journal of infectious diseases},
	pages = {S237-43},
	title = {Epidemic diphtheria in the Newly Independent States of the Former Soviet Union: implications for diphtheria control in the United States.},
	volume = {181 Suppl 1},
	year = {2000}}

@article{Zhao2019IsAN,
	author = {Minghao Zhao},
	booktitle = {Chinese Journal of International Politics},
	journal = {The Chinese Journal of International Politics},
	title = {Is a New Cold War Inevitable? Chinese Perspectives on USChina Strategic Competition},
	year = {2019}}

@article{Kragelund2015TowardsCA,
	author = {P. Kragelund},
	journal = {Cambridge Review of International Affairs},
	pages = {246 - 262},
	title = {Towards convergence and cooperation in the global development finance regime: closing Africa's policy space?},
	volume = {28},
	year = {2015}}

@article{Seiler2007SoTW,
	author = {Cotten Seiler},
	journal = {American Quarterly},
	pages = {1091 - 1117},
	title = {"So That We as a Race Might Have Something Authentic to Travel By": African American Automobility and Cold-War Liberalism},
	volume = {58},
	year = {2007}}

@inproceedings{Brzezinski2012StrategicVA,
	author = {Z. Brzezinski},
	title = {Strategic Vision: America and the Crisis of Global Power},
	year = {2012}}

@article{Wortmann2015InternetOT,
	author = {Felix Wortmann and Kristina Flchter},
	booktitle = {Business \& Information Systems Engineering},
	journal = {Business \& Information Systems Engineering},
	pages = {221-224},
	title = {Internet of Things},
	volume = {57},
	year = {2015}}

@article{Haight2014RevisitingTD,
	author = {Michael Haight and Anabel Quan-Haase and B. Corbett},
	journal = {Information, Communication \& Society},
	pages = {503 - 519},
	title = {Revisiting the digital divide in Canada: the impact of demographic factors on access to the internet, level of online activity, and social networking site usage},
	volume = {17},
	year = {2014}}

@article{Nguyen2017PersistentDD,
	author = {Amy Nguyen and S. Mosadeghi and C. Almario},
	booktitle = {Int. J. Medical Informatics},
	journal = {International journal of medical informatics},
	pages = {49-54},
	title = {Persistent digital divide in access to and use of the Internet as a resource for health information: Results from a California population-based study},
	volume = {103},
	year = {2017}}

@article{Estacio2019TheDD,
	author = {E. Estacio and R. Whittle and J. Protheroe},
	booktitle = {Journal of Health Psychology},
	journal = {Journal of Health Psychology},
	pages = {1668 - 1675},
	title = {The digital divide: Examining socio-demographic factors associated with health literacy, access and use of internet to seek health information},
	volume = {24},
	year = {2019}}

@inproceedings{Pap2021MastersDI,
	author = {ron Pap and Omar A. Guerrero and Joan de Mart},
	title = {Masters Degree in Data Science Structure and power dynamics in economic networks: A quantitative analysis of labour flow and company control networks in the UK},
	year = {2021}}

@article{Gmez2020TheTD,
	author = {Daniel Caldern Gmez},
	booktitle = {New Media \& Society},
	journal = {New Media \& Society},
	pages = {2534 - 2553},
	title = {The third digital divide and Bourdieu: Bidirectional conversion of economic, cultural, and social capital to (and from) digital capital among young people in Madrid},
	volume = {23},
	year = {2020}}

@inproceedings{Manole2020UnderWF,
	author = {E. Manole and Francia Kinchington},
	title = {Under whose flag? The race to dominate natural resources: an examination of the evolving power dynamics of superpowers and flag protectionism on global trade and maritime security},
	volume = {01},
	year = {2020}}

@inproceedings{Koletsi2009BridgingTS,
	author = {Maria Koletsi and Eleftheria Evangelou and G. Kyriakopoulos},
	title = {Bridging the Scientific Divide: Building a common language between computer scientists and social scientists to understand the New Technologies and Digital Divide},
	year = {2009}}

@inproceedings{Shafer2004FromUA,
	author = {P. Shafer},
	pages = {355-400},
	title = {From Unequal Access to Differentiated Use: A Literature Review and Agenda for Research on Digital Inequality},
	year = {2004}}

@conference{Ramakrishnan2016SmartED,
	author = {R. Ramakrishnan and Loveleen Gaur},
	booktitle = {IOTA Programming System},
	journal = {2016 International Conference on Internet of Things and Applications (IOTA)},
	pages = {46-51},
	title = {Smart electricity distribution in residential areas: Internet of Things (IoT) based advanced metering infrastructure and cloud analytics},
	year = {2016}}

@article{Nachum2021ValueDA,
	author = {Lilach Nachum},
	booktitle = {Journal of International Business Policy},
	journal = {Journal of International Business Policy},
	pages = {541 - 563},
	title = {Value distribution and markets for social justice in global value chains: Interdependence relationships and government policy},
	volume = {4},
	year = {2021}}

@article{Bartikowski2018TheTD,
	author = {Boris Bartikowski and M. Laroche and Ahmad Jamal and Zhiyong Yang},
	journal = {Journal of Business Research},
	pages = {373-380},
	title = {The type-of-internet-access digital divide and the well-being of ethnic minority and majority consumers: A multi-country investigation},
	volume = {82},
	year = {2018}}

@inproceedings{Bashir2021PostCOVID19AT,
	author = {A. Bashir and Shahreen Bashir and Karan Rana and Peter Lambert and A. Vernallis},
	booktitle = {Frontiers in Education},
	title = {Post-COVID-19 Adaptations; the Shifts Towards Online Learning, Hybrid Course Delivery and the Implications for Biosciences Courses in the Higher Education Setting},
	volume = {6},
	year = {2021}}

@article{Johansson2020DisabilityDD,
	author = {Stefan Johansson and J. Gulliksen and C. Gustavsson},
	booktitle = {Universal Access in the Information Society},
	journal = {Universal Access in the Information Society},
	pages = {105-120},
	title = {Disability digital divide: the use of the internet, smartphones, computers and tablets among people with disabilities in Sweden},
	volume = {20},
	year = {2020}}

@article{D.2022FutureproofingIF,
	author = {van Staden D. and Naidoo P.},
	booktitle = {South African Journal of Higher Education},
	journal = {South African Journal of Higher Education},
	title = {Future-proofing imperatives for remote online teaching, learning and student support in the context of pandemic change and beyond: A case for South African higher education transformation},
	year = {2022}}

@article{Yu2016MappingTT,
	author = {R. P. Yu and N. Ellison and R. McCammon and K. Langa},
	journal = {Information, Communication \& Society},
	pages = {1445 - 1464},
	title = {Mapping the two levels of digital divide: Internet access and social network site adoption among older adults in the USA},
	volume = {19},
	year = {2016}}

@article{Verhoeven2013TheRA,
	author = {Harry Verhoeven},
	journal = {Civil Wars},
	pages = {118 - 140},
	title = {The Rise and Fall of Sudan's Al-Ingaz Revolution: The Transition from Militarised Islamism to Economic Salvation and the Comprehensive Peace Agreement},
	volume = {15},
	year = {2013}}

@inproceedings{Button2017TheIO,
	author = {Kirsty Button},
	title = {The impact of intergenerational negotiations and power dynamics on the burden of care experienced by low- income grandmothers},
	year = {2017}}

@article{Cheung2018TheRO,
	author = {T. Cheung},
	booktitle = {Journal of Cyber Policy},
	journal = {Journal of Cyber Policy},
	title = {The rise of China as a cybersecurity industrial power: balancing national security, geopolitical, and development priorities},
	year = {2018}}

@article{Chong2006ConsumerHD,
	author = {Jing Chong},
	booktitle = {ASIS\&T Annual Meeting},
	title = {Consumer health digital divide: A research agenda for studying inequality in online health information access and use},
	volume = {42},
	year = {2006}}

@inproceedings{Vogel2011DengXA,
	author = {E. Vogel},
	title = {Deng Xiaoping and the Transformation of China},
	year = {2011}}

@inproceedings{Bauer2016TaxationWR,
	author = {N. Bauer},
	title = {Taxation Without Representation In Contemporary Rural China},
	year = {2016}}

@article{Andreas2015TheCR,
	author = {J. Andreas},
	journal = {China Journal},
	pages = {279},
	title = {The Cultural Revolution at the Margins: Chinese Socialism in Crisis},
	year = {2015}}

@article{Schoenhals2009JiyiR,
	author = {Michael Schoenhals},
	booktitle = {The China Quarterly},
	journal = {The China Quarterly},
	pages = {204 - 206},
	title = {Jiyi (, Remembrance). Edited by Wu Di (Beijing) and He Shu (Chongqing). Bi-weekly non-commercial electronic publication (distributed via the internet to Cultural Revolution historians worldwide). Twelve issues by mid-January 2009 (each issue approximately 64 pp.)},
	volume = {197},
	year = {2009}}

@inproceedings{Preobrazhenskaya2019AxiologicalNC,
	author = {Kira Preobrazhenskaya and Valeryi Znoev and A. Gryakalov and Kirill Ermilov and S. Martynova},
	title = {Axiological, normative, cultural, and civilisational contexts of personal identity in postmodern boundary situations},
	year = {2019}}

@inproceedings{Matten2015ProducingAR,
	author = {M. Matten},
	title = {Producing and Reproducing a Revolutionary Tradition , or How the Memory of Anyuan Has Been Shanghaied in Contemporary China},
	year = {2015}}

@article{Elverskog2005MongolianHW,
	author = {J. Elverskog},
	booktitle = {Journal of Asian Studies},
	journal = {The Journal of Asian Studies},
	pages = {464 - 466},
	title = {Mongolian Historical Writing from 1200 to 1700. By Shagdaryn Bira. Translated by John Krueger. Studies on East Asia, no. 24. 2nd ed. Bellingham: Center for East Asian Studies, Western Washington University, 2002. xxii, 249 pp. $40.00 (paper).},
	volume = {64},
	year = {2005}}

@inproceedings{Maye-Banbury2015RepertoiresOR,
	author = {Angela Maye-Banbury},
	title = {Repertoires of resistance: how agency fuelled rhetoric, resistance and rebellion during Mao's housing revolution},
	year = {2015}}

@article{Lo2005VolkerSC,
	author = {V. Lo},
	booktitle = {Medicina e historia},
	journal = {Medical History},
	pages = {128 - 130},
	title = {Volker Scheid, Chinese medicine in contemporary China: plurality and synthesis, Science and Cultural Theory series, Durham and London, Duke University Press, 2002, xx, 407, 18.50 (paperback 0-8223-2872-0)},
	volume = {49},
	year = {2005}}

@inproceedings{Wang2019BriefSO,
	author = {Yandong Wang},
	title = {Brief Study on Continuous and Integral Promotion of the Sinicization, Modernization and Popularization of Marxism},
	year = {2019}}

@inproceedings{Weiqiang2019AnAO,
	author = {Wang Weiqiang},
	title = {An Analysis of the Party's Historical Experience in Maintaining National Cultural Security since the Founding of New China},
	year = {2019}}

@inproceedings{Qian2019XiJN,
	author = {Yun-Xu Qian},
	title = {Xi Jinping's New Era of Socialism with Chinese Characteristics is the Newest Theoretical Model of Marxism in China in the New Era},
	year = {2019}}

@article{Goh2013SocialMB,
	author = {K. Goh and C. Heng and Zhijie Lin},
	booktitle = {Information systems research},
	journal = {Inf. Syst. Res.},
	pages = {88-107},
	title = {Social Media Brand Community and Consumer Behavior: Quantifying the Relative Impact of User- and Marketer-Generated Content},
	volume = {24},
	year = {2013}}

@article{Bolton2013UnderstandingGY,
	author = {Ruth N. Bolton and A. Parasuraman and A. Hoefnagels and N. Migchels and Sertan Kabadayi and Thorsten Gruber and Yuliya Komarova Loureiro and David J. Solnet},
	journal = {Journal of Service Management},
	pages = {245-267},
	title = {Understanding Generation Y and their use of social media: a review and research agenda},
	volume = {24},
	year = {2013}}

@article{Naslund2016TheFO,
	author = {J. Naslund and K. Aschbrenner and L. Marsch and S. Bartels},
	booktitle = {Epidemiology and Psychiatric Sciences},
	journal = {Epidemiology and Psychiatric Sciences},
	pages = {113 - 122},
	title = {The future of mental health care: peer-to-peer support and social media},
	volume = {25},
	year = {2016}}

@article{Kryvasheyeu2016RapidAO,
	author = {Yury Kryvasheyeu and Haohui Chen and Nick Obradovich and E. Moro and P. Van Hentenryck and J. Fowler and Manuel Cebrian},
	booktitle = {Science Advances},
	journal = {Science Advances},
	title = {Rapid assessment of disaster damage using social media activity},
	volume = {2},
	year = {2016}}

@article{Hasan2013UnderstandingUH,
	author = {Samiul Hasan and Xianyuan Zhan and S. Ukkusuri},
	booktitle = {UrbComp '13},
	pages = {6:1-6:8},
	title = {Understanding urban human activity and mobility patterns using large-scale location-based data from online social media},
	year = {2013}}

@article{Liu2013UncoveringPO,
	author = {Yu Liu and Zhengwei Sui and Chaogui Kang and Yong Gao},
	booktitle = {PLoS ONE},
	journal = {PLoS ONE},
	title = {Uncovering Patterns of Inter-Urban Trip and Spatial Interaction from Social Media Check-In Data},
	volume = {9},
	year = {2013}}

@article{Jurgenson2012WhenAM,
	author = {Nathan Jurgenson},
	booktitle = {Future Internet},
	journal = {Future Internet},
	pages = {83-91},
	title = {When Atoms Meet Bits: Social Media, the Mobile Web and Augmented Revolution},
	volume = {4},
	year = {2012}}

@article{Elsherief2018HateLA,
	author = {Mai Elsherief and Vivek Kulkarni and Dana Nguyen and William Yang Wang and E. Belding-Royer},
	booktitle = {International Conference on Web and Social Media},
	pages = {42-51},
	title = {Hate Lingo: A Target-based Linguistic Analysis of Hate Speech in Social Media},
	year = {2018}}

@article{Qin2017WhyDC,
	author = {Bei Qin and David Strmberg and Yanhui Wu},
	journal = {Institutions \& Transition Economics: Political Economy eJournal},
	title = {Why Does China Allow Freer Social Media? Protests versus Surveillance and Propaganda},
	year = {2017}}

@article{Austrian2020TheIO,
	author = {K. Austrian and Erica Soler-Hampejsek and Jere R. Behrman and J. Digitale and Natalie Jackson Hachonda and M. Bweupe and P. Hewett},
	booktitle = {BMC Public Health},
	journal = {BMC Public Health},
	title = {The impact of the Adolescent Girls Empowerment Program (AGEP) on short and long term social, economic, education and fertility outcomes: a cluster randomized controlled trial in Zambia},
	volume = {20},
	year = {2020}}

@article{Toffoletti2018FemaleAS,
	author = {K. Toffoletti and H. Thorpe},
	journal = {Feminism \& Psychology},
	pages = {11 - 31},
	title = {Female athletes' self-representation on social media: A feminist analysis of neoliberal marketing strategies in economies of visibility},
	volume = {28},
	year = {2018}}

@article{Brandt2020IdentifyingSM,
	author = {J. Brandt and Kathleen Buckingham and C. Buntain and Will Anderson and Sabin Ray and John-Rob Pool and Natasha Ferrari},
	booktitle = {Journal of Computational Social Science},
	journal = {Journal of Computational Social Science},
	pages = {167-188},
	title = {Identifying social media user demographics and topic diversity with computational social science: a case study of a major international policy forum},
	volume = {3},
	year = {2020}}

@article{Gerbaudo2018SocialMA,
	author = {P. Gerbaudo},
	journal = {Media, Culture \& Society},
	pages = {745 - 753},
	title = {Social media and populism: an elective affinity?},
	volume = {40},
	year = {2018}}

@article{Gibbs2020TheIO,
	author = {A. Gibbs and J. Corboz and E. Chirwa and C. Mann and Fazal Karim and M. Shafiq and Anna Mecagni and Charlotte Maxwell-Jones and Eva Noble and R. Jewkes},
	booktitle = {BMJ Global Health},
	journal = {BMJ Global Health},
	title = {The impacts of combined social and economic empowerment training on intimate partner violence, depression, gender norms and livelihoods among women: an individually randomised controlled trial and qualitative study in Afghanistan},
	volume = {5},
	year = {2020}}

@article{Lagos2014ParallelPT,
	author = {Taso G. Lagos and Ted M. Coopman and Jonathan Tomhave},
	booktitle = {New Media \& Society},
	journal = {New Media \& Society},
	pages = {398 - 414},
	title = {Parallel poleis: Towards a theoretical framework of the modern public sphere, civic engagement and the structural advantages of the internet to foster and maintain parallel socio-political institutions},
	volume = {16},
	year = {2014}}

@article{Abouchedid2004ElearningCI,
	author = {K. Abouchedid and G. Eid},
	journal = {Quality Assurance in Education},
	pages = {15-27},
	title = {Elearning challenges in the Arab world: revelations from a case study profile},
	volume = {12},
	year = {2004}}

@article{Hawkesworth2012PoliticalWO,
	author = {M. Hawkesworth},
	booktitle = {Contemporary Political Theory},
	journal = {Contemporary Political Theory},
	pages = {64 - 87},
	title = {Political worlds of women: Activism, advocacy and governance in the twenty-first century},
	volume = {13},
	year = {2012}}

@inproceedings{Nako2016TheSK,
	author = {S. Nako},
	title = {The South Korean model of economic development Parameters, problems and perspectives},
	year = {2016}}

@inproceedings{Krieger2012TheOC,
	author = {J. Krieger},
	title = {The Oxford companion to comparative politics},
	year = {2012}}

@article{Kato2010ConfrontationBG,
	author = {H. Kato},
	journal = {Comparative Civilizations Review},
	pages = {6},
	title = {Confrontation Between Global and Local Civilizations: Nuclear Power Plant and Local Protests},
	volume = {63},
	year = {2010}}

@article{Inglehart2015InequalityAM,
	author = {R. Inglehart},
	journal = {Foreign Affairs},
	title = {Inequality and Modernization},
	year = {2015}}

@inproceedings{Setsuko2004MemoriesOW,
	author = {Onoda Setsuko},
	title = {Memories of War and Peace-building in Post-War Japan: Japanese Constitution as Peace System},
	year = {2004}}

@inproceedings{Veeser2009GreatLF,
	author = {Cyrus Veeser},
	title = {Great Leaps Forward: Modernizers in Africa, Asia, and Latin America},
	year = {2009}}

@inproceedings{Carlile2010ExploringA,
	author = {L. Carlile},
	title = {Exploring an Asian Identity for a 21 st Century Japan in Two Fukuoka Museums},
	year = {2010}}

@inproceedings{Morette2017TechnologicalDI,
	author = {Cathryn Morette},
	title = {Technological Diffusion in Early-Meiji Naval Development , 1880-1895},
	year = {2017}}

@inproceedings{None,
	title = {Historical Study of Internal Migration in the Sub-Continent 1901-1931.},
	year = {2008}}
